<?xml version="1.0" encoding="UTF-8"?><record xmlns="http://www.loc.gov/MARC21/slim" xmlns:cinclude="http://apache.org/cocoon/include/1.0" xmlns:zs="http://www.loc.gov/zing/srw/">
  <leader>00455nz  a2200133n  4500</leader>
  <controlfield tag="001">no2012100657</controlfield>
  <controlfield tag="003">DLC</controlfield>
  <controlfield tag="005">20120727075219.0</controlfield>
  <controlfield tag="008">120725n| acannaabn          |n aaa     c</controlfield>
  <datafield tag="010" ind1=" " ind2=" ">
    <subfield code="a">no2012100657</subfield>
  </datafield>
  <datafield tag="035" ind1=" " ind2=" ">
    <subfield code="a">(OCoLC)oca09259786</subfield>
  </datafield>
  <datafield tag="040" ind1=" " ind2=" ">
    <subfield code="a">IEN</subfield>
    <subfield code="b">eng</subfield>
    <subfield code="c">IEN</subfield>
  </datafield>
  <datafield tag="100" ind1="1" ind2=" ">
    <subfield code="a">Feliho, Albin</subfield>
  </datafield>
  <datafield tag="670" ind1=" " ind2=" ">
    <subfield code="a">Un élan de solidarité pour une créativité entrepreneuriale, 2011:</subfield>
    <subfield code="b">t.p. (Albin FELIHO) p. 19 (président directeur général of Bénin Vickinfel Hôtel)</subfield>
  </datafield>
</record>